<record><leader>00000cas a2200000 a 4500</leader><controlfield tag="001">12442070</controlfield><controlfield tag="008">850830d18761882ksuwr ne      0    0eng d</controlfield><datafield ind1=" " ind2=" " tag="010"><subfield code="a">sn 85031882 </subfield></datafield><datafield ind1=" " ind2=" " tag="040"><subfield code="a">KSH</subfield><subfield code="b">eng</subfield><subfield code="c">KSH</subfield><subfield code="d">NPT</subfield><subfield code="d">OCL</subfield><subfield code="d">OCLCQ</subfield></datafield><datafield ind1=" " ind2=" " tag="042"><subfield code="a">msc</subfield></datafield><datafield ind1="0" ind2=" " tag="130"><subfield code="a">Manhattan enterprise (Manhattan, Kan. : 1876)</subfield></datafield><datafield ind1="1" ind2="0" tag="245"><subfield code="a">Manhattan enterprise.</subfield></datafield><datafield ind1=" " ind2=" " tag="260"><subfield code="a">Manhattan, Kan. :</subfield><subfield code="b">Patee &amp; Runyan,</subfield><subfield code="c">1876-1882.</subfield></datafield><datafield ind1=" " ind2=" " tag="300"><subfield code="a">7 v. ;</subfield><subfield code="c">61 cm.</subfield></datafield><datafield ind1=" " ind2=" " tag="310"><subfield code="a">Weekly</subfield></datafield><datafield ind1="0" ind2=" " tag="362"><subfield code="a">Vol. 1, no. 1 (May 3, 1876)-v. 7, no. 320 (June 16, 1882).</subfield></datafield><datafield ind1=" " ind2=" " tag="500"><subfield code="a">Published by A.L. Runyan, Feb. 7, 1877-June 16, 1882.</subfield></datafield><datafield ind1=" " ind2=" " tag="500"><subfield code="a">"Republican;" "Temperance."</subfield></datafield><datafield ind1=" " ind2=" " tag="525"><subfield code="a">Supplements included.</subfield></datafield><datafield ind1=" " ind2=" " tag="752"><subfield code="a">United States</subfield><subfield code="b">Kansas</subfield><subfield code="c">Riley</subfield><subfield code="d">Manhattan.</subfield></datafield><datafield ind1="0" ind2="0" tag="785"><subfield code="t">Manhattan republic (Manhattan, Kan. : 1882)</subfield><subfield code="w">(DLC)sn 85031878</subfield></datafield><datafield ind1="1" ind2=" " tag="029"><subfield code="a">AU@</subfield><subfield code="b">000022164619</subfield></datafield></record>